@ARTICLE{acs,  author={Dorigo, M. and Gambardella, L.M.},  journal={IEEE Transactions on Evolutionary Computation},   title={Ant colony system: a cooperative learning approach to the traveling salesman problem},   year={1997},  volume={1},  number={1},  pages={53-66},  doi={10.1109/4235.585892}}

 @online{cub,
  title = {CUB: Main Page. \url{https://nvlabs.github.io/cub/} 2022-05-03},
  urldate = {2022-05-03}
}

@article{hk,
author = {Held, Michael and Karp, Richard M.},
title = {A Dynamic Programming Approach to Sequencing Problems},
journal = {Journal of the Society for Industrial and Applied Mathematics},
volume = {10},
number = {1},
pages = {196-210},
year = {1962},
doi = {10.1137/0110015},

URL = { 
        https://doi.org/10.1137/0110015
    
},
eprint = { 
        https://doi.org/10.1137/0110015
    
}

}